<?xml version="1.0" encoding="UTF-8"?><record xmlns="http://www.loc.gov/MARC21/slim" xmlns:cinclude="http://apache.org/cocoon/include/1.0" xmlns:zs="http://www.loc.gov/zing/srw/">
  <leader>00614nz  a2200133n  4500</leader>
  <controlfield tag="001">nr2005025730</controlfield>
  <controlfield tag="003">DLC</controlfield>
  <controlfield tag="005">20051028033114.0</controlfield>
  <controlfield tag="008">051027n| acannaabn          |a aaa     c</controlfield>
  <datafield tag="010" ind1=" " ind2=" ">
    <subfield code="a">nr2005025730</subfield>
  </datafield>
  <datafield tag="040" ind1=" " ind2=" ">
    <subfield code="a">UkOxU</subfield>
    <subfield code="b">eng</subfield>
    <subfield code="c">UkOxU</subfield>
  </datafield>
  <datafield tag="100" ind1="1" ind2=" ">
    <subfield code="a">Asadullah, M. Niaz,</subfield>
    <subfield code="d">1975-</subfield>
  </datafield>
  <datafield tag="400" ind1="1" ind2=" ">
    <subfield code="a">Asadullah, Mohammad Niaz,</subfield>
    <subfield code="d">1975-</subfield>
  </datafield>
  <datafield tag="670" ind1=" " ind2=" ">
    <subfield code="a">Equality of educational opportunity and public policy in Bangladesh, 2005:</subfield>
    <subfield code="b">t.p. (Mohammad Niaz Asadullah, St. Antony's Coll.; D.Phil. thesis, Univ. of Oxford) author's declaration form (Dept. of Econ.) thesis cat. inf. form (b. Aug. 2, 1975; established form of name entry: M. Niaz Asadullah)</subfield>
  </datafield>
</record>